@inproceedings{olson2011apriltag,
  title={AprilTag: A robust and flexible visual fiducial system},
  author={Olson, Edwin},
  booktitle={ICRA},
  pages={3400--3407},
  year={2011},
  organization={IEEE}
}

@article{cassinis2005active,
  title={Active markers for outdoor and indoor robot localization},
  author={Cassinis, Riccardo and Tampalini, Fabio and Fedrigotti, Roberto},
  journal={Proceedings of TAROS},
  pages={27--34},
  year={2005},
  publisher={Citeseer}
}

@article{dissanayake2001solution,
  title={A solution to the simultaneous localization and map building (SLAM) problem},
  author={Dissanayake, MWM Gamini and Newman, Paul and Clark, Steve and Durrant-Whyte, Hugh F and Csorba, Michael},
  journal={IEEE Transactions on robotics and automation},
  volume={17},
  number={3},
  pages={229--241},
  year={2001},
  publisher={IEEE}
}

@inproceedings{o1989deadlock,
  title={Deadlock-free and collision-free coordination of two robot manipulators},
  author={Oâ€™Donnell, Patrick A and Lozano-P{\'e}rez, Tom{\'a}s},
  booktitle={ICRA},
  organization={IEEE},
  year={1989}
}
