@misc{linesalary,
  title={SalaryExpert: Line Painting Machine Operator Highways Salary in United States},
	url = {https://www.salaryexpert.com/salarysurveydata/job=line-painting-machine-operator-highways/salary},
	note = {[Online; accessed 16 October 2016]}
}

@misc{homedepotdoor,
  title={Home Depot: How To Choose Exterior Doors},
	url ={http://www.homedepot.com/c/buying_exterior_doors_HT_BG_DW},
	note = {[Online; accessed 16 October 2016]}
}

@misc{protobuf3,
  title={Protocol Buffers Language Version 3}
  url = {https://developers.google.com/protocol-buffers/},
  note = {[Online; accessed 3 December 2016]}
}