@misc{linesalary,
  title="SalaryExpert: Line Painting Machine Operator Highways Salary in United States.",
	howpublished = "\url{https://www.salaryexpert.com/salarysurveydata/job=line-painting-machine-operator-highways/salary}",
	note = "[Online; accessed 16-October-2016]"
}